@software{Allaire2024,
  author = {Allaire, J.J. and Teague, Charles and Scheidegger, Carlos and Xie, Yihui and Dervieux, Christophe and Woodhull, Gordon},
  doi = {10.5281/zenodo.5960048},
  title = {{Quarto}},
  url = {https://github.com/quarto-dev/quarto-cli},
  version = {1.7.23},
  year = {2024}
}

@article{Barcaui2023,
  title = {Who is better in project planning? Generative artificial intelligence or project managers?},
  journal = {Project Leadership and Society},
  volume = {4},
  pages = {100101},
  year = {2023},
  issn = {2666-7215},
  doi = {10.1016/j.plas.2023.100101},
  url = {https://www.sciencedirect.com/science/article/pii/S2666721523000224},
  author = {Andr{\'e} Barcaui and Andr{\'e} Monat}
}

@article{Bigman2018,
  title = {People are averse to machines making moral decisions},
  journal = {Cognition},
  volume = {181},
  pages = {21-34},
  year = {2018},
  doi = {10.1016/j.cognition.2018.08.003},
  url = {https://www.sciencedirect.com/science/article/pii/S0010027718302087},
  author = {Yochanan E. Bigman and Kurt Gray}
}

@article{Burkner2017,
  title = {{brms}: An {R} Package for {Bayesian} Multilevel Models Using {Stan}},
  author = {Paul-Christian B{\"u}rkner},
  journal = {Journal of Statistical Software},
  year = {2017},
  volume = {80},
  number = {1},
  pages = {1--28},
  doi = {10.18637/jss.v080.i01}
}

@article{Celniker2023,
  title = {The moralization of effort},
  author = {Celniker, Jared B and Gregory, Andrew and Koo, Hyunjin J and Piff, Paul K and Ditto, Peter H and Shariff, Azim F},
  journal = {Journal of Experimental Psychology: General},
  volume = {152},
  number = {1},
  pages = {60-79},
  year = {2023},
  publisher = {American Psychological Association},
  doi = {10.1037/xge0001259}
}

@article{Cools2024,
  author = {Hannes Cools and Nicholas Diakopoulos},
  title = {Uses of Generative {AI} in the Newsroom: Mapping Journalists' Perceptions of Perils and Possibilities},
  journal = {Journalism Practice},
  pages = {1-19},
  year = {2024},
  doi = {10.1080/17512786.2024.2394558},
  URL = {https://doi.org/10.1080/17512786.2024.2394558},
  eprint = {https://doi.org/10.1080/17512786.2024.2394558}
}

@article{Cubitt2011,
  title = {Moral judgments in social dilemmas: How bad is free riding?},
  journal = {Journal of Public Economics},
  volume = {95},
  number = {3},
  pages = {253-264},
  year = {2011},
  doi = {10.1016/j.jpubeco.2010.10.011},
  url = {https://www.sciencedirect.com/science/article/pii/S0047272710001544},
  author = {Robin P. Cubitt and Michalis Drouvelis and Simon G{\"a}chter and Ruslan Kabalin}
}

@misc{deMello2025,
  title = {The Moralization of Artificial Intelligence},
  url = {osf.io/preprints/psyarxiv/5mwre_v2},
  doi = {10.31234/osf.io/5mwre_v2},
  publisher = {PsyArXiv},
  author = {{de Mello}, Victoria O and Ayad, Reem and C{\^o}t{\'e}, {\'E}lo{\"i}se and Inbar, Yoel and Plaks, Jason and Inzlicht, Michael},
  year = {2025},
  month = {Mar}
}

@article{Devaraj2008,
  URL = {http://www.jstor.org/stable/23015423},
  author = {Sarv Devaraj and Robert F. Easley and J. Michael Crant},
  journal = {Information Systems Research},
  number = {1},
  pages = {93--105},
  publisher = {INFORMS},
  title = {Research Note: How Does Personality Matter? Relating the Five-Factor Model to Technology Acceptance and Use},
  urldate = {2025-04-28},
  volume = {19},
  year = {2008}
}


@article{Dietvorst2015,
  title = {Algorithm aversion: people erroneously avoid algorithms after seeing them err},
  author = {Dietvorst, Berkeley J and Simmons, Joseph P and Massey, Cade},
  journal = {Journal of Experimental Psychology: General},
  volume = {144},
  number = {1},
  pages = {114-126},
  year = {2015},
  publisher = {American Psychological Association},
  doi = {10.1037/xge0000033}
}

@article{Earp2024,
  title = {Credit and blame for AI-generated content: Effects of personalization in four countries},
  author = {Earp, Brian D and Porsdam Mann, Sebastian and Liu, Peng and Hannikainen, Ivar and Khan, Maryam Ali and Chu, Yueying and Savulescu, Julian},
  journal = {Annals of the New York Academy of Sciences},
  volume = {1542},
  number = {1},
  pages = {51-57},
  year = {2024},
  publisher = {Wiley Online Library},
  doi = {10.1111/nyas.15258}
}

@article{Gignac2025,
  title = {The AI attribution gap: Encouraging transparent acknowledgment in the age of {AI}},
  journal = {Intelligence},
  volume = {108},
  pages = {101880},
  year = {2025},
  issn = {0160-2896},
  doi = {10.1016/j.intell.2024.101880},
  url = {https://www.sciencedirect.com/science/article/pii/S0160289624000746},
  author = {Gilles E. Gignac}
}

@article{Inzlicht2018,
  title = {The effort paradox: Effort is both costly and valued},
  author = {Inzlicht, Michael and Shenhav, Amitai and Olivola, Christopher Y},
  journal = {Trends in Cognitive Sciences},
  volume = {22},
  number = {4},
  pages = {337--349},
  year = {2018},
  publisher = {Elsevier},
  doi = {10.1016/j.tics.2018.01.007}
}

@article{Kirk2025,
  title = {The AI-authorship effect: Understanding authenticity, moral disgust, and consumer responses to AI-generated marketing communications},
  journal = {Journal of Business Research},
  volume = {186},
  pages = {114984},
  year = {2025},
  doi = {10.1016/j.jbusres.2024.114984},
  url = {https://www.sciencedirect.com/science/article/pii/S0148296324004880},
  author = {Colleen P. Kirk and Julian Givi}
}

@article{Kruger2004,
  title = {The effort heuristic},
  journal = {Journal of Experimental Social Psychology},
  volume = {40},
  number = {1},
  pages = {91-98},
  year = {2004},
  doi = {10.1016/S0022-1031(03)00065-9},
  url = {https://www.sciencedirect.com/science/article/pii/S0022103103000659},
  author = {Justin Kruger and Derrick Wirtz and Leaf {Van Boven} and T.William Altermatt}
}

@article{Landau2021,
  title = {The targets {R} package: a dynamic {M}ake-like function-oriented pipeline toolkit for reproducibility and high-performance computing},
  author = {William Michael Landau},
  journal = {Journal of Open Source Software},
  year = {2021},
  volume = {6},
  number = {57},
  pages = {2959},
  url = {https://doi.org/10.21105/joss.02959},
  doi = {10.21105/joss.02959}
}

@inproceedings{Lee2025,
  author = {Lee, Hao-Ping and Sarkar, Advait and Tankelevitch, Lev and Drosos, Ian and Rintel, Sean and Banks, Richard and Wilson, Nicholas},
  title = {The Impact of Generative {AI} on Critical Thinking: Self-Reported Reductions in Cognitive Effort and Confidence Effects From a Survey of Knowledge Workers},
  booktitle = {CHI 2025},
  year = {2025},
  month = {April},
  url = {https://www.microsoft.com/en-us/research/publication/the-impact-of-generative-ai-on-critical-thinking-self-reported-reductions-in-cognitive-effort-and-confidence-effects-from-a-survey-of-knowledge-workers/}
}

@misc{Marescotti2023,
  title = {To {ChatGPT} or not to {ChatGPT}: The use of artificial intelligence in writing scientific papers},
  author = {Marescotti, Manuela},
  journal = {Brain Communications},
  volume = {5},
  number = {6},
  pages = {fcad266},
  year = {2023},
  publisher = {Oxford University Press US},
  doi = {10.1093/braincomms/fcad266}
}

@article{Medaglia2019,
  title = {Moral attitudes and willingness to enhance and repair cognition with brain stimulation},
  journal = {Brain Stimulation},
  volume = {12},
  number = {1},
  pages = {44-53},
  year = {2019},
  issn = {1935-861X},
  doi = {10.1016/j.brs.2018.09.014},
  url = {https://www.sciencedirect.com/science/article/pii/S1935861X18303164},
  author = {John D. Medaglia and David Bryce Yaden and Chelsea Helion and Madeline Haslam},
  keywords = {Neuroethics, Neuromodulation, Cognitive enhancement, Cognitive repair, Moral psychology}
}

@misc{miramar0,
  author = {miramar0},
  title = {My (30F) husband (36M) used {AI} to write his vows. How do {I} approach him about this?},
  year = {2024},
  publisher = {[Online forum post]. Reddit},
  url = {https://www.reddit.com/r/relationship_advice/comments/1d9tw9j/my_30f_husband_36m_used_ai_to_write_his_vows_how/}
}

@article{Noy2023,
  author = {Shakked Noy and Whitney Zhang},
  title = {Experimental evidence on the productivity effects of generative artificial intelligence},
  journal = {Science},
  volume = {381},
  number = {6654},
  pages = {187-192},
  year = {2023},
  doi = {10.1126/science.adh2586},
  URL = {https://www.science.org/doi/abs/10.1126/science.adh2586},
  eprint = {https://www.science.org/doi/pdf/10.1126/science.adh2586}
}

@misc{OxfordInsights,
  url = {https://oxfordinsights.com/ai-readiness/ai-readiness-index/},
  author = {{Oxford Insights}},
  title = {Government {AI} Readiness Index},
  year = {2024}
}

@manual{Pedersen2025,
  title = {{patchwork}: The Composer of Plots},
  author = {Thomas Lin Pedersen},
  year = {2025},
  url = {https://patchwork.data-imaginist.com}
}

@misc{Peng2023,
  title = {The Impact of AI on Developer Productivity: Evidence from {GitHub} Copilot}, 
  author = {Sida Peng and Eirini Kalliamvakou and Peter Cihon and Mert Demirer},
  year = {2023},
  eprint = {2302.06590},
  archivePrefix = {arXiv},
  publisher = {arXiv},
  primaryClass = {cs.SE},
  url = {https://arxiv.org/abs/2302.06590}
}

@manual{RCoreTeam,
  title = {R: A Language and Environment for Statistical Computing},
  author = {{R Core Team}},
  organization = {R Foundation for Statistical Computing},
  address = {Vienna, Austria},
  year = {2022},
  url = {https://www.R-project.org/}
}

@misc{Rainie2022,
  title = {How {Americans} think about artificial intelligence},
  url = {https://www.pewresearch.org/internet/2022/03/17/how-americans-think-about-artificial-intelligence}, 
  publisher = {Pew Research Center},
  author = {Rainie, Lee and Funk, Cary and Anderson, Monica and Tyson, Alec},
  year = {2022},
  month = {Mar}
}

@article{Rudski2014,
  author = {Jeffrey M. Rudski},
  title = {A Comparison of Attitudes Toward Pharmacological Treatment Versus Enhancement Under Competitive and Noncompetitive Conditions},
  journal = {AJOB Empirical Bioethics},
  volume = {5},
  number = {2},
  pages = {80--90},
  year = {2014},
  publisher = {Taylor \& Francis},
  doi = {10.1080/23294515.2013.850122},
  URL = {https://doi.org/10.1080/23294515.2013.850122},
  eprint = {https://doi.org/10.1080/23294515.2013.850122}
}

@article{Sedikides2024,
  title = {Distilling the concept of authenticity},
  author = {Sedikides, Constantine and Schlegel, Rebecca J},
  journal = {Nature Reviews Psychology},
  volume = {3},
  number = {8},
  pages = {509--523},
  year = {2024},
  publisher = {Nature Publishing Group US New York},
  doi = {10.1038/s44159-024-00323-y}
}

@article{Silver2021,
  author = {Silver, Ike and Newman, George and Small, Deborah A.},
  title = {Inauthenticity aversion: Moral reactance toward tainted actors, actions, and objects},
  journal = {Consumer Psychology Review},
  volume = {4},
  number = {1},
  pages = {70-82},
  doi = {10.1002/arcp.1064},
  url = {https://myscp.onlinelibrary.wiley.com/doi/abs/10.1002/arcp.1064},
  year = {2021}
}

@misc{Tissot2025,
  title = {Is it Worth the Hustle? A Multi-Country Replication of the Effort Moralization Effect and an Extension to Generational Differences in the Appreciation of Effort},
  url = {osf.io/ck4st_v5},
  doi = {10.31219/osf.io/ck4st_v5},
  publisher = {OSF Preprints},
  author = {Tissot, Tassilo and Roth, Leopold H O},
  year = {2025}
}

@misc{TortoiseMedia,
  url = {https://www.tortoisemedia.com/data/global-ai},
  author = {{Tortoise Media}},
  title = {The global {AI} index},
  year = {2024}
}

@article{Tully2025,
  author = {Stephanie M. Tully and Chiara Longoni and Gil Appel},
  title ={Lower Artificial Intelligence Literacy Predicts Greater AI Receptivity},
  journal = {Journal of Marketing},
  year = {2025},
  doi = {10.1177/00222429251314491},
  URL = {https://doi.org/10.1177/00222429251314491},
  eprint = {https://doi.org/10.1177/00222429251314491}
}

@article{Tyler2006,
  title = {The price of deceptive behavior: Disliking and lying to people who lie to us},
  journal = {Journal of Experimental Social Psychology},
  volume = {42},
  number = {1},
  pages = {69-77},
  year = {2006},
  doi = {10.1016/j.jesp.2005.02.003},
  url = {https://www.sciencedirect.com/science/article/pii/S002210310500034X},
  author = {James M. Tyler and Robert S. Feldman and Andreas Reichert}
}

@article{Vallor2015,
  title = {Moral deskilling and upskilling in a new machine age: Reflections on the ambiguous future of character},
  author = {Vallor, Shannon},
  journal = {Philosophy \& Technology},
  volume = {28},
  pages = {107-124},
  year = {2015},
  publisher = {Springer},
  url = {https://link.springer.com/article/10.1007/s13347-014-0156-9},
  doi = {10.1007/s13347-014-0156-9}
}

@article{Watjatrakul2016,
  title = {Online learning adoption: effects of neuroticism, openness to experience, and perceived values},
  author = {Watjatrakul, Boonlert},
  journal = {Interactive Technology and Smart Education},
  volume = {13},
  number = {3},
  pages = {229--243},
  year = {2016},
  publisher = {Emerald Group Publishing Limited},
  doi = {10.1108/ITSE-06-2016-0017}
}

@book{Wickham2016,
  author = {Hadley Wickham},
  title = {{ggplot2}: Elegant Graphics for Data Analysis},
  publisher = {Springer-Verlag New York},
  year = {2016},
  isbn = {978-3-319-24277-4},
  url = {https://ggplot2.tidyverse.org}
}
